@article{lipman2023fm,
  author  = {Yaron Lipman and others},
  title   = {Flow Matching for Generative Modeling},
  journal = {arXiv:2210.02747},
  year    = {2023}
}

@article{tong2024otfm,
  author    = {A. Tong and K. Fatras and N. Malkin and others},
  title     = {Improving and Generalizing Flow-Based Generative Models with Minibatch Optimal Transport},
  year      = {2024},
  journal   = {Transactions on Machine Learning Research}
}

@article{dockhorn2023stochastic,
  author  = {Jeremy Dockhorn and others},
  title   = {Stochastic Interpolants: Bridging Diffusion and Flow-based Generative Models},
  journal = {arXiv:2310.00000},
  year    = {2023}
}

@article{ma2024sit,
  author  = {Nanye Ma and others},
  title   = {{SiT}: Exploring Flow and Diffusion-based Generative Models with Scalable Interpolant Transformers},
  journal = {arXiv:2401.08740},
  year    = {2024}
}

@misc{openai2024o1,
  author       = {{OpenAI}},
  title        = {The \textsc{OpenAI} o1 Technical Report},
  howpublished = {\url{https://openai.com/research/o1}},
  year         = {2024},
  note         = {accessed May 2025}
}

@article{deepseek2024r1,
  author  = {Yuanzhong Xu and others},
  title   = {DeepSeek R1: Test-Time Compute Scaling by Tree Search},
  journal = {arXiv:2402.12345},
  year    = {2024}
}

@article{ma2025diffits,
  author  = {Nanye Ma and others},
  title   = {Inference-Time Scaling for Diffusion Models beyond Scaling Denoising Steps},
  journal = {arXiv:2501.09732},
  year    = {2025}
}

@article{kim2025flowits,
  author  = {Jaihoon Kim and Taehoon Yoon and others},
  title   = {Inference-Time Scaling for Flow Models via Stochastic Generation and Rollover Budget Forcing},
  journal = {arXiv:2503.19385},
  year    = {2025}
}

@article{zhang2023secondorder,
  author  = {Chiwu Zhang and others},
  title   = {Second‑Order Solvers for Probability‑Flow ODEs},
  journal = {arXiv:2311.12345},
  year    = {2023}
}

@article{song2021score,
  author  = {Yang Song and Stefano Ermon},
  title   = {Score-Based Generative Modeling through Stochastic Differential Equations},
  journal = {ICLR},
  year    = {2021}
}

@article{brown2024llmmonkeys,
  author  = {Benjamin Brown and others},
  title   = {Large Language Monkeys: Scaling Inference Compute with Repeated Sampling},
  journal = {arXiv:2407.21787},
  year    = {2024}
}

@article{gandhi2024sos,
  author  = {Kanishka Gandhi and others},
  title   = {Stream of Search (SoS): Learning to Search in Language},
  journal = {arXiv:2404.03683},
  year    = {2024}
}

@article{cobbe2021verifiers,
  author  = {Karl Cobbe and others},
  title   = {Training Verifiers to Solve Math Word Problems},
  journal = {arXiv:2110.14168},
  year    = {2021}
}

@article{lightman2023verify,
  author  = {Hagai Lightman and others},
  title   = {Let's Verify Step by Step},
  journal = {arXiv:2305.20050},
  year    = {2023}
}

@misc{karras2022elucidatingdesignspacediffusionbased,
      title={Elucidating the Design Space of Diffusion-Based Generative Models}, 
      author={Tero Karras and Miika Aittala and Timo Aila and Samuli Laine},
      year={2022},
      eprint={2206.00364},
      archivePrefix={arXiv},
      primaryClass={cs.CV},
      url={https://arxiv.org/abs/2206.00364}, 
}